<record><leader>00000cas a2200000 i 4500</leader><controlfield tag="001">14576591</controlfield><controlfield tag="008">861030d19uu1946inuwr ne      0    0eng c</controlfield><datafield ind1=" " ind2=" " tag="010"><subfield code="a">sn 86058883 </subfield></datafield><datafield ind1=" " ind2=" " tag="040"><subfield code="a">NPI</subfield><subfield code="b">eng</subfield><subfield code="e">rda</subfield><subfield code="c">NPI</subfield><subfield code="d">OCLCQ</subfield><subfield code="d">IUL</subfield><subfield code="d">OCLCF</subfield></datafield><datafield ind1=" " ind2=" " tag="042"><subfield code="a">pcc</subfield></datafield><datafield ind1=" " ind2=" " tag="043"><subfield code="a">n-us-in</subfield></datafield><datafield ind1="0" ind2=" " tag="130"><subfield code="a">Owen County Democrat (Spencer, Ind.)</subfield></datafield><datafield ind1="1" ind2="0" tag="245"><subfield code="a">Owen County Democrat.</subfield></datafield><datafield ind1=" " ind2="1" tag="264"><subfield code="a">Spencer, Ind. :</subfield><subfield code="b">Geo. R. Griffin</subfield></datafield><datafield ind1=" " ind2=" " tag="300"><subfield code="a">volumes :</subfield><subfield code="b">illustrations</subfield></datafield><datafield ind1=" " ind2=" " tag="310"><subfield code="a">Weekly</subfield></datafield><datafield ind1=" " ind2=" " tag="336"><subfield code="a">text</subfield><subfield code="b">txt</subfield><subfield code="2">rdacontent</subfield></datafield><datafield ind1=" " ind2=" " tag="337"><subfield code="a">unmediated</subfield><subfield code="b">n</subfield><subfield code="2">rdamedia</subfield></datafield><datafield ind1=" " ind2=" " tag="338"><subfield code="a">volume</subfield><subfield code="b">nc</subfield><subfield code="2">rdacarrier</subfield></datafield><datafield ind1=" " ind2=" " tag="588"><subfield code="a">Description based on: Vol. XXVI, no. 8 (February 20, 1902); title from masthead, U.S. Newspaper Archive (viewed June 12, 2017).</subfield></datafield><datafield ind1=" " ind2=" " tag="588"><subfield code="a">Latest issue consulted: Vol. XLVII, no. 49 (December 27, 1923); U.S. Newspaper Archive (viewed June 12, 2017).</subfield></datafield><datafield ind1=" " ind2="0" tag="651"><subfield code="a">Spencer (Ind.)</subfield><subfield code="v">Newspapers.</subfield></datafield><datafield ind1=" " ind2="0" tag="651"><subfield code="a">Owen County (Ind.)</subfield><subfield code="v">Newspapers.</subfield></datafield><datafield ind1=" " ind2="7" tag="651"><subfield code="a">Indiana</subfield><subfield code="z">Owen County.</subfield><subfield code="2">fast</subfield><subfield code="0">(OCoLC)fst01218073</subfield></datafield><datafield ind1=" " ind2="7" tag="651"><subfield code="a">Indiana</subfield><subfield code="z">Spencer.</subfield><subfield code="2">fast</subfield><subfield code="0">(OCoLC)fst01233965</subfield></datafield><datafield ind1=" " ind2="7" tag="655"><subfield code="a">Newspapers.</subfield><subfield code="2">fast</subfield><subfield code="0">(OCoLC)fst01423814</subfield></datafield><datafield ind1=" " ind2=" " tag="752"><subfield code="a">United States</subfield><subfield code="b">Indiana</subfield><subfield code="c">Owen</subfield><subfield code="d">Spencer.</subfield></datafield><datafield ind1="0" ind2="0" tag="780"><subfield code="t">Democrat (Spencer, Ind.)</subfield><subfield code="w">(DLC)sn 86058940</subfield><subfield code="w">(OCoLC)14581227</subfield></datafield><datafield ind1="4" ind2="1" tag="856"><subfield code="u">https://access.newspaperarchive.com/us/indiana/spencer/spencer-owen-county-democrat/</subfield></datafield></record>